<record><leader>00000cas a22000007a 4500</leader><controlfield tag="001">29431225</controlfield><controlfield tag="008">931204c19929999inuwr ne      0    0eng d</controlfield><datafield ind1=" " ind2=" " tag="010"><subfield code="a">sn 93049023 </subfield></datafield><datafield ind1=" " ind2=" " tag="040"><subfield code="a">NPI</subfield><subfield code="b">eng</subfield><subfield code="c">NPI</subfield><subfield code="d">OCLCQ</subfield><subfield code="d">IUL</subfield><subfield code="d">OCLCF</subfield></datafield><datafield ind1=" " ind2=" " tag="042"><subfield code="a">msc</subfield></datafield><datafield ind1=" " ind2=" " tag="043"><subfield code="a">n-us-in</subfield></datafield><datafield ind1="0" ind2=" " tag="130"><subfield code="a">Clarion news (Corydon, Ind.)</subfield></datafield><datafield ind1="1" ind2="0" tag="245"><subfield code="a">Clarion news.</subfield></datafield><datafield ind1=" " ind2=" " tag="260"><subfield code="a">Corydon, Ind. :</subfield><subfield code="b">O'Bannon Pub. Co.,</subfield><subfield code="c">1992-</subfield></datafield><datafield ind1=" " ind2=" " tag="300"><subfield code="a">v. :</subfield><subfield code="b">ill. ;</subfield><subfield code="c">58 cm.</subfield></datafield><datafield ind1=" " ind2=" " tag="310"><subfield code="a">Weekly</subfield></datafield><datafield ind1="0" ind2=" " tag="362"><subfield code="a">Vol. 1, no. 1 (Jan. 8, 1992)-</subfield></datafield><datafield ind1=" " ind2=" " tag="580"><subfield code="a">Formed by the union of: Crawford County democrat (Leavenworth, Ind.); Clarion (Milltown, Ind.); and: News-messenger (English, Ind.).</subfield></datafield><datafield ind1=" " ind2="0" tag="651"><subfield code="a">Corydon (Ind.)</subfield><subfield code="v">Newspapers.</subfield></datafield><datafield ind1=" " ind2="0" tag="651"><subfield code="a">Harrison County (Ind.)</subfield><subfield code="v">Newspapers.</subfield></datafield><datafield ind1=" " ind2="0" tag="651"><subfield code="a">Crawford County (Ind.)</subfield><subfield code="v">Newspapers.</subfield></datafield><datafield ind1=" " ind2="0" tag="651"><subfield code="a">Dubois County (Ind.)</subfield><subfield code="v">Newspapers.</subfield></datafield><datafield ind1=" " ind2="0" tag="651"><subfield code="a">Floyd County (Ind.)</subfield><subfield code="v">Newspapers.</subfield></datafield><datafield ind1=" " ind2="7" tag="651"><subfield code="a">Indiana</subfield><subfield code="z">Corydon.</subfield><subfield code="2">fast</subfield><subfield code="0">(OCoLC)fst01228771</subfield></datafield><datafield ind1=" " ind2="7" tag="651"><subfield code="a">Indiana</subfield><subfield code="z">Crawford County.</subfield><subfield code="2">fast</subfield><subfield code="0">(OCoLC)fst01212581</subfield></datafield><datafield ind1=" " ind2="7" tag="651"><subfield code="a">Indiana</subfield><subfield code="z">Dubois County.</subfield><subfield code="2">fast</subfield><subfield code="0">(OCoLC)fst01209375</subfield></datafield><datafield ind1=" " ind2="7" tag="651"><subfield code="a">Indiana</subfield><subfield code="z">Floyd County.</subfield><subfield code="2">fast</subfield><subfield code="0">(OCoLC)fst01218075</subfield></datafield><datafield ind1=" " ind2="7" tag="651"><subfield code="a">Indiana</subfield><subfield code="z">Harrison County.</subfield><subfield code="2">fast</subfield><subfield code="0">(OCoLC)fst01216459</subfield></datafield><datafield ind1=" " ind2="7" tag="655"><subfield code="a">Newspapers.</subfield><subfield code="2">fast</subfield><subfield code="0">(OCoLC)fst01423814</subfield></datafield><datafield ind1=" " ind2=" " tag="752"><subfield code="a">United States</subfield><subfield code="b">Indiana</subfield><subfield code="c">Harrison</subfield><subfield code="d">Corydon.</subfield></datafield><datafield ind1=" " ind2=" " tag="752"><subfield code="a">United States</subfield><subfield code="b">Indiana</subfield><subfield code="c">Crawford.</subfield></datafield><datafield ind1=" " ind2=" " tag="752"><subfield code="a">United States</subfield><subfield code="b">Indiana</subfield><subfield code="c">Dubois.</subfield></datafield><datafield ind1=" " ind2=" " tag="752"><subfield code="a">United States</subfield><subfield code="b">Indiana</subfield><subfield code="c">Floyd.</subfield></datafield><datafield ind1="1" ind2="4" tag="780"><subfield code="t">Crawford County Democrat (Leavenworth, Ind.)</subfield><subfield code="w">(DLC)sn 84027506</subfield><subfield code="w">(OCoLC)11176039</subfield></datafield><datafield ind1="1" ind2="4" tag="780"><subfield code="t">Clarion (Milltown, Ind.)</subfield><subfield code="w">(DLC)sn 85047972</subfield><subfield code="w">(OCoLC)12198922</subfield></datafield><datafield ind1="1" ind2="4" tag="780"><subfield code="t">News-messenger (English, Ind.)</subfield><subfield code="w">(DLC)sn 85047967</subfield><subfield code="w">(OCoLC)12198004</subfield></datafield></record>